@article{sinfonia,
author = {Aguilera, M K and Merchant, A and Shah, M and Veitch, A and Karamanolis, C},
doi = {10.1145/1629087.1629088},
journal = {ACM Transactions on Computer Systems},
keywords = {C24 [Computer-Communication Networks]: Distributed Systems-Distributed applications; E1 [Data]: Data Structures-Distributed data structures General Terms: Algorithms,Design,Experimentation,Performance,Reliability Additional Key Words and Phrases: Distributed systems,fault tolerance,scalability,shared mem-ory,transactions,two-phase commit},
number = {5},
title = {{Sinfonia: A New Paradigm for Building Scalable Distributed Systems}},
url = {http://doi.acm.org/10.1145/1629087.1629088},
volume = {27},
year = {2009}
}

@article{Kaxiras,
author = {Kaxiras, Stefanos and Klaftenegger, David and Norgren, Magnus and Ros, Alberto and Sagonas, Konstantinos},
doi = {10.1145/2749246.2749250},
isbn = {9781450335508},
title = {{Turning Centralized Coherence and Distributed Critical-Section Execution on their Head: A New Approach for Scalable Distributed Shared Memory}},
url = {http://dx.doi.org/10.1145/2749246.2749250.}
}

@article{Aguilera2017,
author = {Aguilera, Marcos K. and Amit, Nadav and Calciu, Irina and Deguillard, Xavier and Gandhi, Jayneel and Subrahmanyam, Pratap and Suresh, Lalith and Tati, Kiran and Venkatasubramanian, Rajesh and Wei, Michael},
doi = {10.1145/3127479.3131612},
isbn = {9781450350280},
journal = {SoCC 2017 - Proceedings of the 2017 Symposium on Cloud Computing},
pages = {121--127},
title = {{Remote memory in the age of fast networks}},
url = {https://doi.org/10.1145/3127479.3131612},
year = {2017}
}

@article{herd,
author = {Kalia, Anuj and Kaminsky, Michael and Andersen, David G.},
doi = {10.1145/2619239.2626299},
isbn = {9781450328364},
issn = {19435819},
journal = {Computer Communication Review},
keywords = {Infiniband,Key-value stores,Rdma,RoCE},
number = {4},
pages = {295--306},
title = {{Using RDMA efficiently for key-value services}},
url = {http://dx.doi.org/10.1145/2619239.2626299},
volume = {44},
year = {2015}
}

@article{zombieland,
author = {Nitu, Vlad and Teabe, Boris and Tchana, Alain and Isci, Canturk and Hagimont, Daniel},
doi = {10.1145/3190508.3190537},
isbn = {9781450355841},
journal = {Proceedings of the 13th EuroSys Conference, EuroSys 2018},
keywords = {Energy efficiency,Memory disaggregation,Virtualization},
title = {{Welcome to zombieland: Practical and Energy-efficient memory disaggregation in a datacenter}},
url = {https://doi.org/10.1145/3190508.3190537},
volume = {2018-Janua},
year = {2018}
}

@article{Pfefferle2015,
author = {Pfefferle, Jonas and Stuedi, Patrick and Trivedi, Animesh and Metzler, Bernard and Koltsidas, Ionnis and Gross, Thomas R.},
doi = {10.1145/2817817.2731200},
isbn = {9781450334501},
issn = {0362-1340},
journal = {ACM SIGPLAN Notices},
number = {7},
pages = {17--30},
title = {{A Hybrid I/O Virtualization Framework for RDMA-capable Network Interfaces}},
volume = {50},
year = {2015}
}

@inproceedings{Mitchell2019,
author = {Mitchell, Christopher and Geng, Yifeng and Li, Jinyang},
booktitle = {Proceedings of the 2013 USENIX Annual Technical Conference, USENIX ATC 2013},
isbn = {9781931971010},
pages = {103--114},
title = {{Using one-sided RDMA reads to build a fast, CPU-efficient key-value store}},
year = {2019}
}

@article{cashmere,
author = {Dwarkadas, Sandhya and Hardavellas, Nikolaos and Kontothanassis, Leonidas and Nikhil, Rishiyur and Stets, Robert},
doi = {10.1109/ipps.1999.760451},
issn = {10637133},
journal = {Proceedings of the International Parallel Processing Symposium, IPPS},
pages = {153--159},
title = {{Cashmere-VLM: Remote memory paging for software distributed shared memory}},
year = {1999}
}

@inproceedings{mica,
author = {Lim, Hyeontaek and Han, Dongsu and Andersen, David G. and Kaminsky, Michael},
booktitle = {Proceedings of the 11th USENIX Symposium on Networked Systems Design and Implementation, NSDI 2014},
isbn = {9781931971096},
pages = {429--444},
title = {{MICA: A holistic approach to fast in-memory key-value storage}},
url = {https://www.usenix.org/conference/nsdi14/technical-sessions/presentation/lim},
year = {2014}
}

@article{gam,
author = {Cai, Qingchao and Guo, Wentian and Zhang, Hao and Agrawal, Divyakant and Chenz, Gang and Ooi, Beng Chin and Tan, Kian Lee and Teo, Yong Meng and Wang, Sheng},
doi = {10.14778/3236187.3236209},
issn = {21508097},
journal = {Proceedings of the VLDB Endowment},
number = {11},
pages = {1604--1617},
publisher = {PVLDB},
title = {{Efficient distributed memory management with RDMA and caching}},
url = {https://doi.org/10.14778/3236187.3236209},
volume = {11},
year = {2018}
}

@article{legoos,
author = {Shan, Yizhou and Huang, Yutong and Chen, Yilun and Zhang, Yiying},
isbn = {9781939133083},
journal = {Proceedings of the 13th USENIX Symposium on Operating Systems Design and Implementation, OSDI 2018},
pages = {69--87},
title = {{Legoos: A disseminated, distributed OS for hardware resource disaggregation}},
url = {https://www.usenix.org/conference/osdi18/presentation/shan},
year = {2007}
}

@inproceedings{kona,
author = {Calciu, Irina and Imran, M. Talha and Puddu, Ivan and Kashyap, Sanidhya and Maruf, Hasan Al and Mutlu, Onur and Kolli, Aasheesh},
booktitle = {ASPLOS},
doi = {10.1145/3445814.3446713},
isbn = {9781450383172},
keywords = {cache coherence.,disaggregated memory,remote memory},
pages = {79--92},
title = {{Rethinking software runtimes for disaggregated memory}},
url = {https://doi.org/10.1145/3445814.3446713},
year = {2021}
}

@article{remregions,
author = {Aguilera, Marcos K. and Amit, Nadav and Calciu, Irina and Deguillard, Xavier and Novakovic, Jayneel Gandhi Stanko and Ramanathan, Arun and Suresh, Pratap Subrahmanyam Lalith and Tati, Kiran and Venkatasubramanian, Rajesh and Wei, Michael},
isbn = {9781939133021},
journal = {Proceedings of the 2018 USENIX Annual Technical Conference, USENIX ATC 2018},
pages = {775--787},
title = {{Remote regions: A simple abstraction for remote memory}},
year = {2020}
}

@article{farm,
author = {Dragojevi{\'{c}}, Aleksandar and Narayanan, Dushyanth and Hodson, Orion and Castro, Miguel},
isbn = {9781931971096},
journal = {Proceedings of the 11th USENIX Symposium on Networked Systems Design and Implementation, NSDI 2014},
pages = {401--414},
title = {{FaRM: Fast remote memory}},
year = {2014}
}

@book{infiniswap,
author = {Gu, Juncheng and Lee, Youngmoon and Zhang, Yiwen and Chowdhury, Mosharaf and Shin, Kang G.},
booktitle = {Proceedings of the 14th USENIX Symposium on Networked Systems Design and Implementation, NSDI 2017},
isbn = {9781931971379},
pages = {649--667},
title = {{Efficient memory disaggregation with Infiniswap}},
url = {https://www.usenix.org/conference/nsdi17/technical-sessions/presentation/gu},
year = {2017}
}

@article{Chuang2020,
author = {Chuang, Ho Ren and Lyerly, Robert and Lankes, Stefan and Ravindran, Binoy},
doi = {10.1145/3383669.3398278},
isbn = {9781450375887},
journal = {SYSTOR 2020 - Proceedings of the 13th ACM International Systems and Storage Conference},
keywords = {DSM,Heterogeneous Architectures,InfiniBand,Shared Memory Programming,System Software},
pages = {13--24},
title = {{Scaling Shared Memory Multiprocessing Applications in Non-cache-coherent Domains}},
url = {https://doi.org/10.1145/3383669.3398278.},
year = {2020}
}

@article{treadmarks,
author = {Keleher, Pete and Cox, Alan L and Dwarkadas, Sandhya and Zwaenepoel, Willy},
title = {{TreadMarks: Distributed Shared Memory on Standard Workstations and Operating Systems}},
year = {1994}
}

@article{ramcloud,
author = {Ousterhout, J and Agrawal, P},
journal = {Acm Sigops {\ldots}},
number = {4},
pages = {92--105},
title = {{The Case for RAMClouds: Scalable High-Performance Storage Entirely in DRAM John}},
url = {http://dl.acm.org/citation.cfm?id=2377681{\%}5Cnhttp://dl.acm.org/citation.cfm?id=1713276},
volume = {43},
year = {2010}
}

@article{sonuma,
author = {Novakovi{\'{c}}, Stanko and Daglis, Alexandros and Bugnion, Edouard and Falsafi, Babak and Grot, Boris},
doi = {10.1145/2541940.2541965},
isbn = {9781450323055},
journal = {International Conference on Architectural Support for Programming Languages and Operating Systems - ASPLOS},
keywords = {NUMA,RDMA,System-on-Chips},
pages = {3--17},
title = {{Scale-Out NUMA}},
url = {http://dx.doi.org/10.1145/2541940.2541965},
year = {2014}
}

@techreport{Lim2012,
author = {Lim, Kevin and Turner, Yoshio and Santos, Jose Renato and AuYoung, Alvin and Chang, Jichuan and Ranganathan, Parthasarathy and Wenisch, Thomas F.},
doi = {10.1109/hpca.2012.6168955},
pages = {1--12},
title = {{System-level implications of disaggregated memory}},
year = {2012}
}

@inproceedings{Samih2012,
author = {Samih, Ahmad and Wang, Ren and Maciocco, Christian and Tai, Tsung Yuan Charlie and Duan, Ronghui and Duan, Jiangang and Yan, Solihin},
booktitle = {Proceedings - 12th IEEE/ACM International Symposium on Cluster, Cloud and Grid Computing, CCGrid 2012},
doi = {10.1109/CCGrid.2012.59},
isbn = {9780769546919},
keywords = {Memory sharing,clustered architecture,dis-aggregated memory,infniband,kernel swapping,memory collaboration,remote memory},
pages = {107--114},
title = {{Evaluating dynamics and bottlenecks of memory collaboration in cluster systems}},
year = {2012}
}

@inproceedings{bladedisagg1,
author = {Lim, Kevin and Chang, Jichuan and Mudge, Trevor and Ranganathan, Parthasarathy and Reinhardt, Steven K. and Wenisch, Thomas F.},
booktitle = {Proceedings - International Symposium on Computer Architecture},
doi = {10.1145/1555754.1555789},
isbn = {9781605585260},
issn = {10636897},
keywords = {Disaggregated memory,Memory blades,Memory capacity expansion,Power and cost efficiencies},
pages = {267--278},
title = {{Disaggregated memory for expansion and sharing in blade servers}},
year = {2009}
}

@book{ltdsm,
author = {Nelson, Jacob and Holt, Brandon and Myers, Brandon and Briggs, Preston and Ceze, Luis and Kahan, Simon and Oskin, Mark},
booktitle = {Proceedings of the 2015 USENIX Annual Technical Conference, USENIX ATC 2015},
isbn = {9781931971225},
pages = {291--305},
title = {{Latency-Tolerant Software Distributed Shared Memory}},
url = {https://www.usenix.org/conference/atc15/technical-session/presentation/nelson},
year = {2015}
}

@article{dspm,
author = {Shan, Yizhou and Tsai, Shin Yeh and Zhang, Yiying},
doi = {10.1145/3127479.3128610},
isbn = {9781450350280},
journal = {SoCC 2017 - Proceedings of the 2017 Symposium on Cloud Computing},
keywords = {Distributed shared memory,Persistent memory},
pages = {323--337},
title = {{Distributed shared persistent memory}},
url = {https://doi.org/10.1145/3127479.3128610},
volume = {15},
year = {2017}
}

@article{storm,
archivePrefix = {arXiv},
arxivId = {1902.02411},
author = {Novakovic, Stanko and Shan, Yizhou and Kolli, Aasheesh and Cui, Michael and Zhang, Yiying and Eran, Haggai and Pismenny, Boris and Liss, Liran and Wei, Michael and Tsafrir, Dan and Aguilera, Marcos},
doi = {10.1145/3319647.3325827},
eprint = {1902.02411},
isbn = {9781450367493},
journal = {SYSTOR 2019 - Proceedings of the 12th ACM International Systems and Storage Conference},
keywords = {Data structures,RDMA,RPC},
pages = {97--108},
title = {{StoRM: A fast transactional dataplane for remote data structures}},
year = {2019}
}

@inproceedings{Wei2018,
author = {Wei, Xingda and Dong, Zhiyuan and Chen, Rong and Chen, Haibo},
booktitle = {Proceedings of the 13th USENIX Symposium on Operating Systems Design and Implementation, OSDI 2018},
isbn = {9781939133083},
pages = {233--251},
title = {{Deconstructing RDMA-enabled distributed transactions: Hybrid is better!}},
url = {www.usenix.org/conference/osdi18/presentation/wei},
year = {2018}
}

@article{Aguilera2019,
author = {Aguilera, Marcos K. and Keeton, Kimberly and Novakovic, Stanko and Singhal, Sharad},
doi = {10.1145/3317550.3321433},
isbn = {9781450367271},
journal = {Proceedings of the Workshop on Hot Topics in Operating Systems, HotOS 2019},
pages = {120--126},
title = {{Designing Far Memory Data Structures: Think Outside the Box}},
year = {2019}
}

@book{semeru,
author = {Wang, Chenxi and Ma, Haoran and Liu, Shi and Li, Yuanqi and Ruan, Zhenyuan and Nguyen, Khanh and Bond, Michael D. and Netravali, Ravi and Kim, Miryung and Xu, Guoqing Harry},
booktitle = {Proceedings of the 14th USENIX Symposium on Operating Systems Design and Implementation, OSDI 2020},
isbn = {9781939133199},
pages = {261--280},
title = {{Semeru: A memory-disaggregated managed runtime}},
url = {https://www.usenix.org/conference/osdi20/presentation/wang},
year = {2020}
}

@article{Zhang2019,
author = {Zhang, Irene and Liu, Jing and Austin, Amanda and Roberts, Michael Lowell and Badam, Anirudh},
doi = {10.1145/3317550.3321422},
isbn = {9781450367271},
journal = {Proceedings of the Workshop on Hot Topics in Operating Systems, HotOS 2019},
keywords = {datacenters,kernel bypass,operating systems},
pages = {73--80},
title = {{I'm Not Dead Yet!: The Role of the Operating System in a Kernel-Bypass Era}},
year = {2019}
}

@article{literdma,
author = {Tsai, Shin Yeh and Zhang, Yiying},
doi = {10.1145/3132747.3132762},
isbn = {9781450350853},
journal = {SOSP 2017 - Proceedings of the 26th ACM Symposium on Operating Systems Principles},
keywords = {Indirection,Low-latency network,Network stack,RDMA},
pages = {306--324},
title = {{LITE Kernel RDMA Support for Datacenter Applications}},
year = {2017}
}

@inproceedings{fastswap,
author = {Amaro, Emmanuel and Branner-Augmon, Christopher and Luo, Zhihong and Ousterhout, Amy and Aguilera, Marcos K. and Panda, Aurojit and Ratnasamy, Sylvia and Shenker, Scott},
booktitle = {Proceedings of the 15th European Conference on Computer Systems, EuroSys 2020},
doi = {10.1145/3342195.3387522},
isbn = {9781450368827},
pages = {16},
publisher = {ACM},
title = {{Can far memory improve job throughput?}},
url = {https://doi.org/10.1145/3342195.3387522},
year = {2020}
}

@book{leap,
author = {{Al Maruf}, Hassan and Chowdhury, Mosharaf},
booktitle = {arXiv},
isbn = {9781939133144},
issn = {23318422},
title = {{Effectively Prefetching Remote Memory with Leap}},
url = {https://www.usenix.org/conference/atc20/presentation/al-maruf},
year = {2019}
}

@article{aifm,
author = {Ruan, Zhenyuan and Schwarzkopf, Malte and Aguilera, Marcos K. and Belay, Adam},
isbn = {9781939133199},
journal = {Proceedings of the 14th USENIX Symposium on Operating Systems Design and Implementation, OSDI 2020},
pages = {315--332},
title = {{AIFM: High-Performance, application-integrated far memory}},
year = {2020}
}

@article{zswap,
author = {Lagar-Cavilla, Andres and Ahn, Junwhan and Souhlal, Suleiman and Agarwal, Neha and Burny, Radoslaw and Butt, Shakeel and Chang, Jichuan and Chaugule, Ashwin and Deng, Nan and Shahid, Junaid and Thelen, Greg and Yurtsever, Kamil Adam and Zhao, Yu and Ranganathan, Parthasarathy},
doi = {10.1145/3297858.3304053},
isbn = {9781450362405},
journal = {International Conference on Architectural Support for Programming Languages and Operating Systems - ASPLOS},
keywords = {cold data,far memory,machine learning,memory,warehouse-scale computers,zswap},
pages = {317--330},
publisher = {ACM},
title = {{Software-Defined Far Memory in Warehouse-Scale Computers}},
year = {2019}
}

@article{Gharachorloo,
author = {Gharachorloo, Kourosh},
title = {{The Plight of Software Distributed Shared Memory Functionality / Generality}}
}

@article{Chen2008,
author = {Chen, Haogang and Luo, Yingwei and Wang, X and Zhang, Binbin},
journal = {{\ldots} Technology (IWVT'08)},
title = {{A transparent remote paging model for virtual machines}},
url = {http://www.cs.mtu.edu/{~}zlwang/papers/iwvt08.pdf},
year = {2008}
}

@techreport{Shuang2005,
author = {Shuang, Liang and Noronha, Ranjit and Panda, Dhabaleswar K.},
booktitle = {Proceedings - IEEE International Conference on Cluster Computing, ICCC},
doi = {10.1109/CLUSTR.2005.347050},
isbn = {0780394852},
issn = {15525244},
title = {{Swapping to remote memory over InfiniBand: An approach using a high performance network block device}},
year = {2005}
}

@inproceedings{rackout,
author = {Novakovic, Stanko and Daglis, Alexandros and Bugnion, Edouard and Falsafi, Babak and Grot, Boris},
booktitle = {Proceedings of the 7th ACM Symposium on Cloud Computing, SoCC 2016},
doi = {10.1145/2987550.2987577},
isbn = {9781450345255},
keywords = {Data skew,RDMA,Rack-scale systems},
pages = {182--195},
title = {{The case for rackout: Scalable data serving using rack-scale systems}},
url = {http://dx.doi.org/10.1145/2987550.2987577},
year = {2016}
}

@article{dsm1,
author = {Li, Kai and Hudak, Paul},
doi = {10.1145/75104.75105},
issn = {15577333},
journal = {ACM Transactions on Computer Systems (TOCS)},
keywords = {Loosely coupled multiprocessors,memory coherence,parallel programming,shared virtual memory},
number = {4},
pages = {321--359},
title = {{Memory Coherence in Shared Virtual Memory Systems}},
volume = {7},
year = {1989}
}

@inproceedings{gms,
author = {Feeley, M. J. and Morgan, W. E. and Pighin, E. P. and Karlin, A. R. and Levy, H. M. and Thekkath, C. A.},
title = {Implementing Global Memory Management in a Workstation Cluster},
year = {1995},
isbn = {0897917154},
publisher = {Association for Computing Machinery},
address = {New York, NY, USA},
url = {https://doi.org/10.1145/224056.224072},
doi = {10.1145/224056.224072},
booktitle = {Proceedings of the Fifteenth ACM Symposium on Operating Systems Principles},
pages = {201–212},
numpages = {12},
location = {Copper Mountain, Colorado, USA},
series = {SOSP '95}
}

@inproceedings {netdisagg,
author = {Peter X. Gao and Akshay Narayan and Sagar Karandikar and Joao Carreira and Sangjin Han and Rachit Agarwal and Sylvia Ratnasamy and Scott Shenker},
title = {Network Requirements for Resource Disaggregation},
booktitle = {12th {USENIX} Symposium on Operating Systems Design and Implementation ({OSDI} 16)},
year = {2016},
isbn = {978-1-931971-33-1},
address = {Savannah, GA},
pages = {249--264},
url = {https://www.usenix.org/conference/osdi16/technical-sessions/presentation/gao},
publisher = {{USENIX} Association},
month = nov,
}

@article{strom,
author = {Sidler, David and Wang, Zeke and Chiosa, Monica and Kulkarni, Amit and Alonso, Gustavo},
doi = {10.1145/3342195.3387519},
isbn = {9781450368827},
journal = {Proceedings of the 15th European Conference on Computer Systems, EuroSys 2020},
title = {{StRoM: Smart remote memory}},
year = {2020}
}

@article{rocev2,
author = {Zhu, Yibo and Eran, Haggai and Firestone, Daniel and Guo, Chuanxiong and Lipshteyn, Marina and Liron, Yehonatan and Padhye, Jitendra and Raindel, Shachar and Yahia, Mohamad Haj and Zhang, Ming},
doi = {10.1145/2785956.2787484},
isbn = {9781450335423},
issn = {19435819},
journal = {Computer Communication Review},
keywords = {Congestion control,Datacenter transport,ECN,PFC,RDMA},
mendeley-groups = {Remote Memory,R Exam/Transports},
number = {4},
pages = {523--536},
title = {{Congestion Control for Large-Scale RDMA Deployments}},
url = {http://dx.doi.org/10.1145/2785956.2787484},
volume = {45},
year = {2015}
}


@misc{omnipath,
title = {Intel OmniPath Architecture},
howpublished = {https://www.intel.com/content/www/us/en/high-performance-computing-fabrics/omni-path-driving-exascale-computing.html},
year = {2021}
}

@misc{ccix,
title = {CCIX: cache coherent interconnect for accelerators},
howpublished = {https://www.ccixconsortium.com/},
year = {2021}
}

@phdthesis{10.5555/924815,
author = {Mitzenmacher, Michael David and Sinclair, Alistair},
title = {The Power of Two Choices in Randomized Load Balancing},
year = {1996},
isbn = {0591320916},
publisher = {University of California, Berkeley},
note = {AAI9723118}
}



